@article{bostrom,
  title={What do people know about global climate change? 1. Mental models},
  author={Bostrom, Ann and Morgan, M Granger and Fischhoff, Baruch and Read, Daniel},
  journal={Risk Analysis},
  volume={14},
  number={6},
  pages={959--970},
  year={1994},
  publisher={Wiley Online Library}
}


@article{astroturf,
  title={Astroturfing global warming: It isn’t always greener on the other side of the fence},
  author={Cho, Charles H and Martens, Martin L and Kim, Hakkyun and Rodrigue, Michelle},
  journal={Journal of business ethics},
  volume={104},
  number={4},
  pages={571--587},
  year={2011},
  publisher={Springer}
}

@article{whitmarsh2011,
  title={Public engagement with carbon and climate change: to what extent is the public ‘carbon capable’?},
  author={Whitmarsh, Lorraine and Seyfang, Gill and O’Neill, Saffron},
  journal={Global environmental change},
  volume={21},
  number={1},
  pages={56--65},
  year={2011},
  publisher={Elsevier}
}

@misc{mann_selin_2019, title={Global warming}, url={https://www.britannica.com/science/global-warming}, journal={Encyclopædia Britannica}, publisher={Encyclopædia Britannica, inc.}, author={Mann, Michael E. and Selin, Henrik}, year={2019}, month={Sep}} 

@article{rahayuglobal,
	title={The Global Warming Impact on Campus Policy},
	author={Rahayu, Annisa Maharani}
}

@book{alen, title={Summary for policemakers}, url={https://www.ipcc.ch/site/assets/uploads/sites/2/2019/05/SR15_SPM_version_report_LR.pdf}, author={Alen, Mylles}} 

@book{pennell_2001, place={New York}, title={Bandits at sea: a pirates reader}, publisher={New York University Press}, author={Pennell, C. R.}, year={2001}} 

@book{lane2015,
  title={Pillaging the Empire: Piracy in the Americas, 1500-1750: Piracy in the Americas, 1500-1750},
  author={Lane, Kris E and Levine, Robert M},
  year={2015},
  publisher={Routledge}
}

@book{hebb2016,
  title={Piracy and the English Government 1616--1642: Policy-Making under the Early Stuarts},
  author={Hebb, David D},
  year={2016},
  publisher={Routledge}
}